<record><leader>00000cas a2200000 i 4500</leader><controlfield tag="001">881828122</controlfield><controlfield tag="006">m     o  d        </controlfield><controlfield tag="007">cr |||||||||||</controlfield><controlfield tag="008">140626c20149999paucr neo     |   b0slo  </controlfield><datafield ind1=" " ind2=" " tag="010"><subfield code="a">  2014202578</subfield></datafield><datafield ind1=" " ind2=" " tag="040"><subfield code="a">DLC</subfield><subfield code="e">rda</subfield><subfield code="c">DLC</subfield><subfield code="b">eng</subfield><subfield code="e">rda</subfield><subfield code="d">DLC</subfield></datafield><datafield ind1=" " ind2=" " tag="012"><subfield code="l">1</subfield></datafield><datafield ind1="0" ind2=" " tag="022"><subfield code="a">2373-7042</subfield><subfield code="2">1</subfield></datafield><datafield ind1=" " ind2=" " tag="037"><subfield code="b">Obrana, 434 Lackawanna, Avenue PO Box 551, Scanton, PA</subfield></datafield><datafield ind1=" " ind2=" " tag="042"><subfield code="a">pcc</subfield><subfield code="a">nsdp</subfield></datafield><datafield ind1="1" ind2="0" tag="050"><subfield code="a">ISSN RECORD</subfield></datafield><datafield ind1="1" ind2="0" tag="082"><subfield code="a">070</subfield><subfield code="2">23</subfield></datafield><datafield ind1=" " ind2="0" tag="222"><subfield code="a">Slovenska&#769; obrana</subfield><subfield code="b">(Online)</subfield></datafield><datafield ind1="0" ind2="0" tag="245"><subfield code="a">Slovenska&#769; obrana =</subfield><subfield code="b">Slovak defense.</subfield></datafield><datafield ind1="1" ind2="1" tag="246"><subfield code="a">Slovak defense</subfield></datafield><datafield ind1=" " ind2="1" tag="264"><subfield code="a">Scranton, Pennsylvania. ;</subfield><subfield code="a">Michal Bosa&#769;k :</subfield><subfield code="b">Obrana Publishing Company,</subfield><subfield code="c">2014-</subfield></datafield><datafield ind1=" " ind2=" " tag="310"><subfield code="a">Semi-weekly</subfield></datafield><datafield ind1=" " ind2=" " tag="336"><subfield code="a">text</subfield><subfield code="b">txt</subfield><subfield code="2">rdacontent</subfield></datafield><datafield ind1=" " ind2=" " tag="337"><subfield code="a">computer</subfield><subfield code="b">c</subfield><subfield code="2">rdamedia</subfield></datafield><datafield ind1=" " ind2=" " tag="338"><subfield code="a">online resource</subfield><subfield code="b">cr</subfield><subfield code="2">rdacarrier</subfield></datafield><datafield ind1="1" ind2=" " tag="362"><subfield code="a">Began with: Roc&#780;. 19, c&#780;i&#769;s. 14 (17 feb. 1933)-ceased with: roc&#780;. 59, c&#780;i&#769;s. 21 (May 25, 1972).</subfield></datafield><datafield ind1=" " ind2=" " tag="588"><subfield code="a">Title from cover image (e.kniznica.info/mi_free.html# website, viewed Oct. 14, 2014).</subfield></datafield><datafield ind1="0" ind2="8" tag="776"><subfield code="i">Print version:</subfield><subfield code="t">Slovenska&#769; obrana</subfield><subfield code="x">2373-7050</subfield><subfield code="w">(DLC)sn 83045387</subfield><subfield code="w">(OCoLC)9440111</subfield></datafield><datafield ind1="0" ind2="0" tag="780"><subfield code="t">Obrana (Cleveland, Ohio)</subfield></datafield><datafield ind1="4" ind2="0" tag="856"><subfield code="u">http://e.kniznica.info/mi_free.html#</subfield></datafield></record>